<record xmlns="http://www.loc.gov/MARC21/slim" xmlns:xsi="http://www.w3.org/2001/XMLSchema-instance" xsi:schemaLocation="http://www.loc.gov/MARC21/slim http://www.loc.gov/standards/marcxml/schema/MARC21slim.xsd"><leader>01325cz   2200241n  4500</leader><controlfield tag="001">oca00802130 </controlfield><controlfield tag="005">19970220064008.8</controlfield><controlfield tag="008">821009n| acannaab|          |a aaa |||  </controlfield><datafield ind1=" " ind2=" " tag="010"><subfield code="a">n  82105600 </subfield></datafield><datafield ind1=" " ind2=" " tag="040"><subfield code="a">DLC</subfield><subfield code="c">DLC</subfield><subfield code="d">DLC</subfield><subfield code="d">NjP</subfield><subfield code="d">DLC</subfield></datafield><datafield ind1="0" ind2=" " tag="100"><subfield code="a">Xenophanes,</subfield><subfield code="d">ca. 570-ca. 478 B.C.</subfield></datafield><datafield ind1="0" ind2=" " tag="400"><subfield code="a">Xenophanes,</subfield><subfield code="c">Colophonius</subfield><subfield code="w">nnaa</subfield></datafield><datafield ind1="0" ind2=" " tag="400"><subfield code="a">Xenophanes,</subfield><subfield code="c">Colophonius,</subfield><subfield code="d">ca. 570-ca. 478 B.C.</subfield></datafield><datafield ind1="0" ind2=" " tag="400"><subfield code="a">Xenophanes,</subfield><subfield code="c">of Colophon,</subfield><subfield code="d">ca. 570-ca. 478 B.C.</subfield></datafield><datafield ind1="0" ind2=" " tag="400"><subfield code="a">XeÌ&#x81;nophane,</subfield><subfield code="d">ca. 570-ca. 478 B.C.</subfield></datafield><datafield ind1="0" ind2=" " tag="400"><subfield code="a">Senofane,</subfield><subfield code="d">ca. 570-ca. 478 B.C.</subfield></datafield><datafield ind1="0" ind2=" " tag="400"><subfield code="a">Xenophanes,</subfield><subfield code="c">von Kolophon,</subfield><subfield code="d">ca. 570-ca. 478 B.C.</subfield></datafield><datafield ind1=" " ind2=" " tag="670"><subfield code="a">Acad. Am. enc., 1981</subfield><subfield code="b">(Xenophanes of Colophon; ca. 570-ca. 475 B.C.; Greek poet and philosopher)</subfield></datafield><datafield ind1=" " ind2=" " tag="670"><subfield code="a">Enc. Am., 1975</subfield><subfield code="b">(Xenophanes; Greek philosopher and poet; b. Colophon, Ionia, ca. 590 B.C. (in scholarly dispute); d. probably Sicily, ca. 478 B.C.)</subfield></datafield><datafield ind1=" " ind2=" " tag="670"><subfield code="a">Enc. Brit., 1972</subfield><subfield code="b">(Xenophanes; 6th-5th cent. B.C.; Greek religious thinker and poet; reputed founder of Eleatic school of philos.; probably b. ca. 570 B.C.; native of Colophon, Ionia; not less than 92 when he died)</subfield></datafield><datafield ind1=" " ind2=" " tag="670"><subfield code="a">De Melisso, Xenophane, Gorgia. French &amp; Greek. Si ParmeÌ&#x81;nide, 1980:</subfield><subfield code="b">t.p. (Xenophane) p. 17 (XeÌ&#x81;nophane)</subfield></datafield><datafield ind1=" " ind2=" " tag="670"><subfield code="a">His I frammenti, 1985:</subfield><subfield code="b">t.p. (Senofane)</subfield></datafield><datafield ind1=" " ind2=" " tag="670"><subfield code="a">Xenophanes von Kolophon, 1996.</subfield></datafield></record>